@inproceedings{kuderer2015learning,
  title={Learning driving styles for autonomous vehicles from demonstration},
  author={Kuderer, Markus and Gulati, Shilpa and Burgard, Wolfram},
  booktitle={2015 IEEE International Conference on Robotics and Automation (ICRA)},
  pages={2641--2646},
  year={2015},
  organization={IEEE}
}

@article{ziebart2008maximum,
  title={Maximum entropy inverse reinforcement learning},
  author={Ziebart, Brian D and Maas, Andrew and Bagnell, J Andrew and Dey, Anind K},
  year={2008},
  publisher={figshare}
}

@inproceedings{riedmiller1993direct,
  title={A direct adaptive method for faster backpropagation learning: The RPROP algorithm},
  author={Riedmiller, Martin and Braun, Heinrich},
  booktitle={Proceedings of the IEEE international conference on neural networks},
  volume={1993},
  pages={586--591},
  year={1993},
  organization={San Francisco}
}

@inproceedings{Ng00algorithmsfor,
    author = {Andrew Y. Ng and Stuart Russell},
    title = {Algorithms for Inverse Reinforcement Learning},
    booktitle = {in Proc. 17th International Conf. on Machine Learning},
    year = {2000},
    pages = {663--670},
    publisher = {Morgan Kaufmann}
}

@article{NakaguchiYuki2019,
  title={Saidai entropy genri ni motozuku gyku kyouka dynamics gakusyu frame work no kouchiku(Japanese document)},
  author={Yuki, Nakaguchi and Tutomu, Eto and Itaru, Nishioka},
  journal={Jinkochinogakkai},
  volume={JSAI2019},
  number={ },
  pages={1Q2J204-1Q2J204},
  year={2019},
  doi={10.11517/pjsai.JSAI2019.0_1Q2J204}
}

@article{HoE16,
  author    = {Jonathan Ho and
               Stefano Ermon},
  title     = {Generative Adversarial Imitation Learning},
  journal   = {CoRR},
  volume    = {abs/1606.03476},
  year      = {2016},
  url       = {http://arxiv.org/abs/1606.03476},
  archivePrefix = {arXiv},
  eprint    = {1606.03476},
  timestamp = {Mon, 13 Aug 2018 16:47:10 +0200},
  biburl    = {https://dblp.org/rec/journals/corr/HoE16.bib},
  bibsource = {dblp computer science bibliography, https://dblp.org}
}

@article{DBLP:journals/corr/KueflerMWK17,
  author    = {Alex Kuefler and
               Jeremy Morton and
               Tim Allan Wheeler and
               Mykel John Kochenderfer},
  title     = {Imitating Driver Behavior with Generative Adversarial Networks},
  journal   = {CoRR},
  volume    = {abs/1701.06699},
  year      = {2017},
  url       = {http://arxiv.org/abs/1701.06699},
  archivePrefix = {arXiv},
  eprint    = {1701.06699},
  timestamp = {Mon, 13 Aug 2018 16:46:40 +0200},
  biburl    = {https://dblp.org/rec/journals/corr/KueflerMWK17.bib},
  bibsource = {dblp computer science bibliography, https://dblp.org}
}


@article{DBLP:journals/corr/DuanCHSA16,
  author    = {Yan Duan and
               Xi Chen and
               Rein Houthooft and
               John Schulman and
               Pieter Abbeel},
  title     = {Benchmarking Deep Reinforcement Learning for Continuous Control},
  journal   = {CoRR},
  volume    = {abs/1604.06778},
  year      = {2016},
  url       = {http://arxiv.org/abs/1604.06778},
  archivePrefix = {arXiv},
  eprint    = {1604.06778},
  timestamp = {Mon, 03 Sep 2018 12:15:29 +0200},
  biburl    = {https://dblp.org/rec/journals/corr/DuanCHSA16.bib},
  bibsource = {dblp computer science bibliography, https://dblp.org}
}

@article{HeZhengbing2017,
author = {He, Zhengbing},
year = {2017},
month = {08},
pages = {},
title = {Research based on high-fidelity NGSIM vehicle trajectory datasets: A review},
doi = {10.13140/RG.2.2.11429.60643/1}
}
